@misc{passwordcracking,
    Author = {Thycotic},
    Date-Added = {2017-01-17 00:00:00 +0000},
    Date-Modified = {2017-01-17 00:00:00 +0000},
    Howpublished = {\url{https://thycotic.force.com/support/s/article/Calculating-Password-Complexity}},
    note = {Last checked on 12th March, 2020},
    Month = {Jan},
    Title = {Calculating Password Complexity},
    Url = {https://thycotic.force.com/support/s/article/Calculating-Password-Complexity},
    Urldate = {17 Jan, 2017},
    Year = {2017},
}

@misc{userenum,
    Author = {rapid7},
    Date-Added = {2018-05-30 00:00:00 +0000},
    Date-Modified = {2018-05-30 00:00:00 +0000},
    Howpublished = {\url{https://www.rapid7.com/db/modules/auxiliary/scanner/ssh/ssh_enumusers}},
    note = {Last checked on 12th March, 2020},
    Month = {May},
    Title = {SSH Username Enumeration},
    Url = {https://www.rapid7.com/db/modules/auxiliary/scanner/ssh/ssh_enumusers},
    Urldate = {30 May, 2018},
    Year = {2018},
}